@book{bishop06,
 author = {Bishop, Christopher M.},
 title = {Pattern Recognition and Machine Learning},
 year = {2006},
 isbn = {0387310738},
 publisher = {Springer-Verlag New York, Inc.},
 address = {Secaucus, NJ, USA},
 numpages = {740},
}

@book{bishop95neural,
  title={Neural Networks for Pattern Recognition},
  author={Bishop, Christopher M.},
  year={1995},
  isbn={9780198538646},
  series={Advanced Texts in Econometrics},
  publisher={Clarendon Press},
  numpages = {482},
}

@book{hosmer13,
 author = {
  Hosmer, David W. and Lemeshov, Stanley and Sturdivant, Rodney X.
 },
 title = {Applied Logistic Regression},
 year = {2013},
 isbn = {978-0-470-58247-3},
 publisher = {John Wiley \& Sons, Inc.},
 numpages = {528},
}

@book{recognition06,
    author = "Журавлёв, Ю. И. and Рязанов, В. В. and Сенько, О. В",
    title = "<<Распознавание>>. Математические методы. Программная
                  система. Практические применения",
    publisher = "М.:~Фазис",
    year = "2006",
    language = "russian",
}

@online{voron10logicalgs,
    author = "Воронцов, К. В.",
    title = "Лекции по логическим алгоритмам классификации",
    howpublished = "http://www.machinelearning.ru/wiki/images/3/3e/Voron-ML-Logic.pdf",
    language = "russian",
    year = "2010",
    url = "http://www.machinelearning.ru/wiki/images/3/3e/Voron-ML-Logic.pdf",
}

@masterthesis{novikov15,
    author = {Новиков, М. С.},
    title = {
    Исследование задачи кластеризации логических закономерностей,
    представленных булевыми векторами
    },
    year = {2014},
    school = {
    Московский государственный университет имени М. В. Ломоносова
    },
}

@online{Lichman2013,
    author = "M. Lichman",
    year = "2013",
    title = "{UCI} Machine Learning Repository",
    url = "http://archive.ics.uci.edu/ml",
}

@article{ryazanov07logic,
    author = "Рязанов, В. В.",
    title = {
    Логические закономерности в задачах распознавания
    (параметрический подход)
    },
    journal = {Ж. вычисл. матем. и матем. физ.},
    volume = "47",
    year = "2007",
    pages = "1793--1808",
    language = "russian",
}

@incollection{vainzvaig73kora,
    author = "Вайнцвайг, М. Н.",
    title = "Алгоритм обучения распознаванию образов <<Кора>>",
    booktitle = "Алгоритмы обучения распознаванию образов",
    editor = "Вапник, В. Н.",
    publisher = "М.:~Советское радио",
    pages = "110--116",
    year = "1973",
    language = "russian"
}

@incollection{vainzvaig75voting,
    author = "Полякова, М. П. and Вайнцвайг, М. Н.",
    title = "Об использовании метода <<голосования>> признаков в алгоритмах распознавания",
    booktitle = "Моделирование обучения и поведения",
    publisher = "М.",
    year = "1975",
    pages = "25—28",
    language = "russian"
}

@article{quinlan86induction,
    author = "Quinlan, J. R.",
    title = "Induction of Decision Trees",
    journal = "Machine Learning",
    volume = "1",
    number = "1",
    pages = "81-106",
    year = "1986"
}

@book{quinlan93programs,
   author = "J. Ross Quinlan",
   title = "C4.5: Programs for machine learning",
   publisher = "Morgan Kaufmann, San Francisco, CA",
   year = "1993"
}

@inproceedings{quinlan96bagging,
    author = "J. Ross Quinlan",
    title = "Bagging, Boosting, and {C4.5}",
    booktitle = "{AAAI}/{IAAI}, Vol. 1",
    pages = "725-730",
    year = "1996",
    url = "citeseer.ist.psu.edu/quinlan96bagging.html"
}

@inproceedings{cohen95fast,
    author = "William W. Cohen",
    title = "Fast Effective Rule Induction",
    booktitle = "Proc. of the 12th International Conference on Machine Learning,
        Tahoe City, CA",
    pages = "115--123",
    publisher = "Morgan Kaufmann",
    year = "1995",
    url = "citeseer.ist.psu.edu/cohen95fast.html",
}

@inproceedings{cohen99simple,
    author = "William W. Cohen and Yoram Singer",
    title = "A Simple, Fast and Effective Rule Learner",
    booktitle = "Proc. of the 16 National Conference on Artificial Intelligence",
    pages = "335-342",
    year = "1999",
    url = "citeseer.ist.psu.edu/198445.html",
}

@@inproceedings{macqueen67,
    author = {J. B. Macqueen},
    title = {
    Some methods for classification and analysis of multivariate
    observations
    },
    booktitle = {
    In 5-th Berkeley Symposium on Mathematical Statistics and
    Probability
    },
    year = {1967},
    pages = {281--297}
}

@article{lloyd06,
 author = {Lloyd, S.},
 title = {Least Squares Quantization in PCM},
 journal = {IEEE Trans. Inf. Theor.},
 issue_date = {March 1982},
 volume = {28},
 number = {2},
 month = sep,
 year = {2006},
 issn = {0018-9448},
 pages = {129--137},
 numpages = {9},
 url = {http://dx.doi.org/10.1109/TIT.1982.1056489},
 doi = {10.1109/TIT.1982.1056489},
 acmid = {2269955},
 publisher = {IEEE Press},
 address = {Piscataway, NJ, USA},
}

@article{kovshov08,
author = {Ковшов, Н. В. and Моисеев, В. Л. and Рязанов, В. В.},
title = {
Алгоритмы поиска логических закономерностей в~задачах распознавания
},
journal = {Ж. вычисл. матем. и матем. физ.},
year = {2008},
volume = {48},
number = {2},
pages = {329--344},
}

@article{cortes95,
year={1995},
issn={0885-6125},
journal={Machine Learning},
volume={20},
number={3},
doi={10.1007/BF00994018},
title={Support-vector networks},
url={http://dx.doi.org/10.1007/BF00994018},
publisher={Kluwer Academic Publishers},
author={Cortes, Corinna and Vapnik, Vladimir},
pages={273-297},
language={English}
}
